@misc{oracle-website,
    title = {Oracle's JDK download webiste},
    howpublished = {\url{https://www.oracle.com/de/java/technologies/javase/jdk11-archive-downloads.html}},
}

@misc{vadere-releases-website,
    title = {Vadere releases webiste},
    howpublished = {\url{http://www.vadere.org/releases/}},
}

@article{osm,
    author = {Seitz, Michael and Köster, Gerta},
    year = {2012},
    month = {10},
    pages = {046108},
    title = {Natural discretization of pedestrian movement in continuous space},
    volume = {86},
    journal = {Physical review. E, Statistical, nonlinear, and soft matter physics},
    doi = {10.1103/PhysRevE.86.046108}
}

@misc{rimea,
    title = {RiMEA guidelines},
    howpublished = {\url{https://rimeaweb.files.wordpress.com/2016/06/rimea_richtlinie_3-0-0_-_d-e.pdf}}
}

@article{bridging-the-gap,
    author = {Dietrich, Felix and Köster, Gerta and Seitz, Michael and Sivers, Isabella},
    year = {2014},
    month = {09},
    pages = {},
    title = {Bridging the Gap: From Cellular Automata to Differential Equation Models for Pedestrian Dynamics},
    volume = {5},
    isbn = {978-3-642-55194-9},
    journal = {Journal of Computational Science},
    doi = {10.1016/j.jocs.2014.06.005}
}

@article{dynamic-stride-length,
    author = {Sivers, Isabella and Köster, Gerta},
    year = {2015},
    month = {04},
    pages = {},
    title = {Dynamic Stride Length Adaptation According to Utility And Personal Space},
    volume = {74},
    journal = {Transportation Research Part B: Methodological},
    doi = {10.1016/j.trb.2015.01.009}
}

@misc{vadere,
    title = {Vadere},
    howpublished = {\url{https://www.vadere.org/}}
}

@article{sfm1,
    author = {Helbing, Dirk and Molnar, Peter},
    year = {1998},
    month = {05},
    pages = {},
    title = {Social Force Model for Pedestrian Dynamics},
    volume = {51},
    journal = {Physical Review E},
    doi = {10.1103/PhysRevE.51.4282}
}

@article{sfm2,
    author = {Helbing, Dirk and Farkas, Illés and Vicsek, Tamás},
    year = {2000},
    month = {09},
    pages = {487-490},
    title = {Simulating Dynamic Features of Escape Panic},
    volume = {407},
    journal = {Nature},
    doi = {10.1038/35035023}
}

@article{gnm,
    author = {Dietrich, Felix and Köster, Gerta},
    year = {2014},
    month = {06},
    pages = {062801},
    title = {Gradient navigation model for pedestrian dynamics},
    volume = {89},
    journal = {Physical Review E},
    doi = {10.1103/PhysRevE.89.062801}
}

@misc{pandas-df,
    title={Pandas' Dataframe},
    howpublished={\url{https://pandas.pydata.org/docs/reference/api/pandas.DataFrame.html}}
}

@misc{enum,
    title={Java's \texttt{enum} type},
    howpublished={\url{https://docs.oracle.com/javase/tutorial/java/javaOO/enum.html}}
}