@misc{tkinter,
    title = {Python's tkinter package},
    howpublished = {\url{https://docs.python.org/3/library/tkinter.html}},
    note = {Accessed: 2021}
}

@article{RiMEA,
    title={RiMEA},
    journal={Guidelines for Microscopic Evacuation Analysis},
    year=2016,
}
