@misc{numpy-svd,
    title={Numpy's SVD implementation},
    howpublished={\url{https://numpy.org/doc/stable/reference/generated/numpy.linalg.svd.html}}
}

@misc{scipy-face,
    title={Scipy's \texttt{face} function},
    howpublished={\url{https://docs.scipy.org/doc/scipy/reference/generated/scipy.misc.face.htmll}}
}